@article{a1,
	author={Olaf {S}teinbach},
	title={Space-time finite element methods for parabolic problems},
	journal={Comput. Methods Appl. Math},
	volume={15(4)},
	year=2015,
	pages={551–566}
}

@article{a2,
	author={Dominik {M}eidner and Boris Vexler},
	title={A priori error estimates for space-time finite element discretization of parabolic optimal control problems part I: Problems without control constraints},
	journal={Society for Industrial and Applied Mathematics},
	volume={47},
	year=2008,
	pages={1150–1177}
}

@article{a3,
	author={Dinh Nho {H}ao and Bui Viet Huong and Nguyen Thi Ngoc Oanh and Phan Xuan Thanh},
	title={Determination of a term in the right-hand side of parabolic equations},
	journal={Journal of Computational and Applied Mathematics},
	volume={309},
	year=2017,
	pages={28-43}
}

@article{a4,
	author={Nguyen Thi Ngoc {O}anh and Bui Viet Huong},
	title={Determination of a time-dependent term in the right-hand side of linear parabolic equations},
	journal={Acta Math Vietnam},
	volume={41},
	year=2006,
	pages={313–335}
}

@article{a5,
	author={Dinh Nho {H}ao and Phan Xuan Thanh and D. Lesnic and B.T. Johansson},
	title={A boundary element method for a multi-dimensional inverse heat conduction problem},
	journal={International Journal of Computer Mathematics},
	volume={89},
	year=2012,
	pages={1540-1554}
}

@article{a6,
	author={Dinh Nho {H}ao and Phan Xuan Thanh and D. Lesnicb and M. Ivanchov},
	title={Determination of a source in the heat equation from
integral observations},
	journal={Journal of Computational and Applied Mathematics },
	volume={264},
	year={2014},
	pages={82-98}
}

@article{a7,
	author={M. {B}ellassoued and M. Cristofol},
	title={An inverse source problem for the diffusion equation with final observation},
	journal={HAL},
	volume={hal-01278412, version 1},
	year={2016},
	pages={}
}

@article{a8,
	author={},
	title={},
	journal={},
	volume={},
	year={},
	pages={}
}



@book{b1,
	author = {Fredi {T}röltzsch},
	year = {2010},
	title = {Optimal Control of Partial Differential Equations: Theory, Methods, and Applications},
	publisher = {American Mathematical Society},
	address = {Providence, Rhode Island}
}

@book{b2,
	author = {Christian {M}ollet},
	year = {2016},
	title = {Parabolic PDEs in Space-Time Formulations: Stability for Petrov-Galerkin Discretizations with B-Splines and Existence of Moments for Problems with Random Coefficients},
	publisher = {Mathematisch-Naturwissenschaftliche Fakultät},
	address = {Universität zu Köln}
}

@book{b3,
	author = {Lawrence C. {E}vans},
	year = {1998},
	title = {Partial differential equations},
	publisher = {American Mathematical Society},
	address = {Providence, RI}
}


@book{b4,
	author = {Claes {J}ohnson},
	year = {1987},
	title = {Numerical solution of partial differential equations by the finite element method},
	publisher = {Cambridge University Press},
	address = {}
}

@book{b5,
	author = {Stig {L}arsson and Vidar Thomée},
	year = {2009},
	title = {Partial differential equations with numerical methods problems},
	publisher = {Springer},
	address = {Sweden}
}

@book{b6,
	author = {Olaf {S}teinbach},
	year = {2008},
	title = {Numerical approximation methods for elliptic boundary value problems. Finite and boundary elements},
	publisher = {Springer},
	address = {New York}
}